@article{
  QuadChi,
  title = "The Quadratic-Chi Histogram Distance Family"
  author = "Ofir Pele and Michael Werman",
  year = 2010
}

@article{
  akkaDocs,
  title = "Akka Documentation",
  author = "Jonas Boner, et al",
  year = 2013
}