@misc{actor-model,
  author = {Carl Hewitt, Peter Bishop, Richard Steiger},
  year = {1973},
  title = {A Universal Modular Actor Formalism for Artificial Intelligence}
}

@misc{odersky-actors,
  author = {Phillip Haller, Martin Odersky},
  year = {2007},
  title = {Actors that unify Threads and Events},
  url = {http://lampwww.epfl.ch/~phaller/doc/haller07coord.pdf}
}

@book{youtube,
  author = {Google},
  title = {http://youtube.com}
}

@misc{akka-docs,
  author = {Jonar Boner, Victor Klang et al.},
  title = {Akka Documentation},
  url = {http://doc.akka.io/docs/akka/snapshot},
  year = {2013}
}

@misc{hadoop-seq-files,
  title = {Hadoop Sequence files format documentation},
  author = {Apache Hadoop},
  url = {http://wiki.apache.org/hadoop/SequenceFile},
  year = {2012}
}

@misc{phash,
  title = {Implementation and Benchmarking of Perceptual Image Hash Functions},
  author = {Christoph Zauner},
  year = {2010}
}

@book{hadoop-ops,
  title = {Hadoop Operations},
  author = {Eric Sammer},
  year = {2012}
}

@misc{graph-tooling,
  title = {bargraph -- http://bargraphgen.googlecode.com/svn/trunk/bargraph.pl},
  author = {Derek Bruening}
}
  

@misc{scala,
  title = {Scala -- http://scala-lang.org},
  author = {Martin Odersky},
  year = {2003 -- 2013}
}

@misc{akka-remoting,
  title = {Akka remoting documentation},
  author = {Typesafe Inc.},
  year = {2013}
  
}

@misc{tesseract,
  title = {Google's Tesseract-OCR Text recognition library},
  author = {Google},
  year = {1985 - 2013}
}

@misc{ffmpeg,
  title = {ffmpeg project site},
  license = {GNU LGPL 2.0}
}

@misc{columnar-database,
  title = {Column-oriented Database},
  author = {Wikipedia}
}

@misc{big-buck-bunny,
  title = { Big Buck Bunny, Movie},
  author = { Blender Foundation },
  year = { 2008 }
}

@misc{blender-foundation,
  title = { Blender Foundation website }
  author = { Blender Foundation }
}

@misc{kmp-string-search,
  title = { Fast Pattern Matching in Strings },
}

@article{boyer-string-search,
  title = { A fast string searching algorithm },
  author = { Robert S. Boyer, J. Strother Moore },
  year = { 1977 }
}

@misc{creative-commons,
  title = {Creative Commons License -- https://creativecommons.org },
  author = {Creative Commons},
  year = { 2001 }
} 

@techreport{map-reduce,
  title = {MapReduce: Simplified Data Processing on Large Clusters},
  author = {Jeffrey Dean and Sanjay Ghemawat},
  year = {2004}
}

@misc{erlang,
  title = {Erlang programming language homepage -- http://www.erlang.org/}
}